%% This BibTeX bibliography file was created using BibDesk.
%% http://bibdesk.sourceforge.net/


%% Created for John Paige at 2016-05-22 22:30:48 -0700 


%% Saved with string encoding Unicode (UTF-8) 



@article{nelderMead,
	Author = {Nelder, John A and Mead, Roger},
	Date-Added = {2016-05-23 05:30:07 +0000},
	Date-Modified = {2016-05-23 05:30:48 +0000},
	Journal = {The computer journal},
	Number = {4},
	Pages = {308--313},
	Publisher = {Br Computer Soc},
	Title = {A simplex method for function minimization},
	Volume = {7},
	Year = {1965}}

@article{woodChan1994,
	Author = {Wood, Andrew TA and Chan, Grace},
	Date-Added = {2016-05-23 04:04:12 +0000},
	Date-Modified = {2016-05-23 04:04:46 +0000},
	Journal = {Journal of computational and graphical statistics},
	Number = {4},
	Pages = {409--432},
	Publisher = {Taylor \&amp; Francis Group},
	Title = {Simulation of stationary {G}aussian processes in [0, 1] d},
	Volume = {3},
	Year = {1994}}

@article{eidsvik2009,
	Author = {Eidsvik, Jo and Martino, Sara and Rue, H{\aa}vard},
	Date-Added = {2016-05-23 00:06:45 +0000},
	Date-Modified = {2016-05-23 00:09:44 +0000},
	Journal = {Scandinavian journal of statistics},
	Number = {1},
	Pages = {1--22},
	Publisher = {Wiley Online Library},
	Title = {Approximate {B}ayesian inference in spatial generalized linear mixed models},
	Volume = {36},
	Year = {2009}}

@book{rueHeld2005,
	Author = {Rue, Havard and Held, Leonhard},
	Date-Added = {2016-05-23 00:04:38 +0000},
	Date-Modified = {2016-05-23 00:05:24 +0000},
	Publisher = {{CRC} Press},
	Title = {Gaussian Markov random fields: theory and applications},
	Year = {2005}}

@book{diggle2003,
	Author = {Diggle, Peter J},
	Date-Added = {2016-05-13 06:12:28 +0000},
	Date-Modified = {2016-05-13 06:12:52 +0000},
	Publisher = {Edward Arnold},
	Title = {Statistical analysis of spatial point patterns},
	Year = {2003}}

@article{cox1955,
	Author = {Cox, David R},
	Date-Added = {2016-04-29 22:41:06 +0000},
	Date-Modified = {2016-04-29 22:41:18 +0000},
	Journal = {Journal of the Royal Statistical Society. Series B (Methodological)},
	Pages = {129--164},
	Publisher = {JSTOR},
	Title = {Some statistical methods connected with series of events},
	Year = {1955}}

@book{handbook,
	Author = {Gelfand, Alan E and Diggle, Peter and Guttorp, Peter and Fuentes, Montserrat},
	Date-Added = {2016-04-29 22:33:31 +0000},
	Date-Modified = {2016-04-29 22:33:52 +0000},
	Publisher = {CRC press},
	Title = {Handbook of spatial statistics},
	Year = {2010}}

@book{cressie1991,
	Author = {Cressie, Noel},
	Date-Added = {2016-04-28 01:46:05 +0000},
	Date-Modified = {2016-04-28 01:48:20 +0000},
	Publisher = {New York: Wiley},
	Title = {Statistics for spatial data},
	Year = {1991}}

@article{cressie1985,
	Author = {Cressie, Noel},
	Date-Added = {2016-04-28 01:45:31 +0000},
	Date-Modified = {2016-04-28 01:48:33 +0000},
	Journal = {Journal of the International Association for Mathematical Geology},
	Number = {5},
	Pages = {563--586},
	Publisher = {Springer},
	Title = {Fitting variogram models by weighted least squares},
	Volume = {17},
	Year = {1985}}

@article{chiles1999,
	Author = {Chil{\`e}s, JP and Delfiner, P},
	Date-Added = {2016-04-27 23:22:23 +0000},
	Date-Modified = {2016-04-27 23:22:52 +0000},
	Journal = {New York: Wiley},
	Title = {Geostatistics: Modeling Spatial Uncertainty},
	Year = {1999}}

@article{diggle1998,
	Author = {Diggle, Peter J and Tawn, JA and Moyeed, RA},
	Date-Added = {2016-04-27 23:20:25 +0000},
	Date-Modified = {2016-04-27 23:20:45 +0000},
	Journal = {Journal of the Royal Statistical Society: Series C (Applied Statistics)},
	Number = {3},
	Pages = {299--350},
	Publisher = {Wiley Online Library},
	Title = {Model-based geostatistics},
	Volume = {47},
	Year = {1998}}

@book{GLMs,
	Author = {McCullagh, Peter and Nelder, John A},
	Date-Added = {2016-04-27 23:19:30 +0000},
	Date-Modified = {2016-04-27 23:19:41 +0000},
	Publisher = {CRC press},
	Title = {Generalized linear models},
	Volume = {37},
	Year = {1989}}

@book{moller2006,
	Author = {M{\o}ller, Jesper},
	Date-Added = {2016-04-23 04:34:33 +0000},
	Date-Modified = {2016-04-23 04:34:51 +0000},
	Title = {Properties of spatial Cox process models}}

@article{diggle2013,
	Author = {Diggle, Peter J and Moraga, Paula and Rowlingson, Barry and Taylor, Benjamin M and others},
	Date-Added = {2016-04-23 03:11:17 +0000},
	Date-Modified = {2016-04-23 03:11:25 +0000},
	Journal = {Statistical Science},
	Number = {4},
	Pages = {542--563},
	Publisher = {Institute of Mathematical Statistics},
	Title = {Spatial and spatio-temporal log-Gaussian Cox processes: Extending the geostatistical paradigm},
	Volume = {28},
	Year = {2013}}

@article{diggle2010,
	Author = {Diggle, Peter and Menezes, Raquel and Su, Ting-li},
	Date-Added = {2016-04-06 22:40:19 +0000},
	Date-Modified = {2016-04-06 22:51:13 +0000},
	Journal = {Journal of the Royal Statistical Society: Series C (Applied Statistics)},
	Number = {2},
	Pages = {191--232},
	Publisher = {Wiley Online Library},
	Title = {Geostatistical inference under preferential sampling},
	Volume = {59},
	Year = {2010}}

@article{schlather2004,
	Author = {Schlather, Martin and Ribeiro, Paulo J and Diggle, Peter J},
	Date-Added = {2016-04-06 21:26:20 +0000},
	Date-Modified = {2016-04-06 21:26:33 +0000},
	Journal = {Journal of the Royal Statistical Society: Series B (Statistical Methodology)},
	Number = {1},
	Pages = {79--93},
	Publisher = {Wiley Online Library},
	Title = {Detecting dependence between marks and locations of marked point processes},
	Volume = {66},
	Year = {2004}}

@incollection{srivastava1989,
	Author = {Srivastava, R Mohan and Parker, Harry M},
	Booktitle = {Geostatistics},
	Date-Added = {2016-04-06 18:37:20 +0000},
	Date-Modified = {2016-04-06 18:38:42 +0000},
	Pages = {295--308},
	Publisher = {Springer},
	Title = {Robust measures of spatial continuity},
	Year = {1989}}

@article{isaaks1988,
	Author = {Isaaks, EH and Srivastava, R Mohan},
	Date-Added = {2016-04-06 18:34:02 +0000},
	Date-Modified = {2016-04-06 18:38:35 +0000},
	Journal = {Mathematical geology},
	Number = {4},
	Pages = {313--341},
	Publisher = {Springer},
	Title = {Spatial continuity measures for probabilistic and deterministic geostatistics},
	Volume = {20},
	Year = {1988}}

@article{curriero2002,
	Author = {Curriero, Frank C and Hohn, Michael E and Liebhold, Andrew M and Lele, Subhash R},
	Date-Added = {2016-04-06 18:33:34 +0000},
	Date-Modified = {2016-04-06 18:37:53 +0000},
	Journal = {Environmental and Ecological Statistics},
	Number = {1},
	Pages = {89--110},
	Publisher = {Springer},
	Title = {A statistical evaluation of non-ergodic variogram estimators},
	Volume = {9},
	Year = {2002}}
